<?xml version="1.0" encoding="UTF-8"?><collection><record><leader>04949ntm a2200565 a 4500</leader><controlfield tag="001">006819153</controlfield><controlfield tag="003">MiAaHDL</controlfield><controlfield tag="005">20190719000000.0</controlfield><controlfield tag="006">m        d        </controlfield><controlfield tag="007">cr bn ---auaua</controlfield><controlfield tag="008">090616s193u    xx            00| ||ara d</controlfield><datafield tag="035" ind1=" " ind2=" "><subfield code="a">(MiU)006819153</subfield></datafield><datafield tag="035" ind1=" " ind2=" "><subfield code="a">sdr-miu006819153</subfield></datafield><datafield tag="040" ind1=" " ind2=" "><subfield code="a">MiU</subfield><subfield code="c">MiU</subfield><subfield code="e">amremm</subfield></datafield><datafield tag="043" ind1=" " ind2=" "><subfield code="a">n-us-mi</subfield></datafield><datafield tag="100" ind1="1" ind2=" "><subfield code="6">880-01</subfield><subfield code="a">Bālī, Muṣṭafá ibn Sulaymān,</subfield><subfield code="d">d. 1657 or 8.</subfield></datafield><datafield tag="245" ind1="1" ind2="0"><subfield code="6">880-03</subfield><subfield code="a">[Sharḥ al-Shaykh Bālī Afandī ʻalá Fuṣūṣ al-ḥikam,</subfield><subfield code="f">193-?].</subfield></datafield><datafield tag="246" ind1="3" ind2="8"><subfield code="a">شرح فصوص الحكم</subfield></datafield><datafield tag="246" ind1="3" ind2=" "><subfield code="i">Title from heading at opening on p.2:</subfield><subfield code="a">شرح فصوص الحكم لبالى افندى</subfield></datafield><datafield tag="260" ind1=" " ind2=" "><subfield code="c">[193-?].</subfield></datafield><datafield tag="300" ind1=" " ind2=" "><subfield code="a">344 leaves :</subfield><subfield code="b">paper ;</subfield><subfield code="c">302-312 x 205-212 mm. bound to 321 x 222 mm.</subfield></datafield><datafield tag="500" ind1=" " ind2=" "><subfield code="a">Shelfmark: Ann Arbor, University of Michigan, Special Collections Library, Isl. Ms. 914</subfield></datafield><datafield tag="500" ind1=" " ind2=" "><subfield code="a">Origin: Lacks dated colophon ; likely copied in Egypt in the late 1930s and bound for James Heyworth-Dunne (d.1974).</subfield></datafield><datafield tag="500" ind1=" " ind2=" "><subfield code="a">Former shelfmark: Mich. Isl. Ms. temp. no. 63</subfield></datafield><datafield tag="500" ind1=" " ind2=" "><subfield code="a">Binding: Boards covered in dark green cloth with dark green leather over spine (quarter binding) ; pastedowns and flyleaves in wove paper printed with a floral vegetal pattern in green ; spine gold-stamped with title and decorative accents over raised bands "شرح فصوص الحكم | لبالى افندى | J.H.D." ; sewing difficult to examine ; stuck-on endbands (blue and white stripe) ; overall in fairly good condition.</subfield></datafield><datafield tag="500" ind1=" " ind2=" "><subfield code="a">Support: Lined / ruled wove paper of two types, one slightly darker in color, in two different sizes i.e. opening through p.402 sized 312 x 212 mm., p.403 to close sized 302 x 205 mm.</subfield></datafield><datafield tag="500" ind1=" " ind2=" "><subfield code="a">Script: Ruqʻah ; quick, modern hand in a medium to bold line ; serifless and freely ligatured with mainly closed counters, slight effect of inclination to the right and of words descending to baseline, pointing somewhat careless and in strokes rather than distinct dots.</subfield></datafield><datafield tag="500" ind1=" " ind2=" "><subfield code="a">Layout: Written mainly in 26 lines per page.</subfield></datafield><datafield tag="500" ind1=" " ind2=" "><subfield code="a">Collation: Pagination in pencil, Western numerals, supplied during digitization (mistakenly repeats pp.65-66) ; occasional repetition of final word on right-hand leaf (verso) on recto of following leaf.</subfield></datafield><datafield tag="500" ind1=" " ind2=" "><subfield code="a">Incipit: "الحمد لله على دين الاسلام وعلى توفيق الايمان والاحسان والصلاة على محمد عليه السلام وعلى آله العظام واصحابه الكرام الحمد لله منزل الحكم على قلوب الكلم لما انزل الله تع الحكم على قلب الشيخ المصنف ..."</subfield></datafield><datafield tag="500" ind1=" " ind2=" "><subfield code="a">Title supplied by cataloguer from inscription on 'title page' (p.1).</subfield></datafield><datafield tag="500" ind1=" " ind2=" "><subfield code="a">Ms. codex.</subfield></datafield><datafield tag="505" ind1="0" ind2=" "><subfield code="a">2. p.682-p.685 : Jawāhir al-nuṣūṣ fī ḥall kalimāt al-Fuṣūṣ [excerpt] / al-Nābulusī.</subfield></datafield><datafield tag="505" ind1="0" ind2=" "><subfield code="a">1. p.2-p.682 : Sharḥ al-Shaykh Bālī Afandī ʻalá Fuṣūṣ al-ḥikam / Bali Efendi.</subfield></datafield><datafield tag="510" ind1="4" ind2=" "><subfield code="a">Brockelmann, C. GAL,</subfield><subfield code="c">I 442 (11/12. cmtre. i and cmtre. k)</subfield></datafield><datafield tag="520" ind1="8" ind2=" "><subfield code="a">Careful copy of the commentary by Bali Efendi (death date given as 970/1553 in 'title page' inscription and in GAL) upon Ibn ʻArabī's celebrated Fuṣūṣ al-ḥikam, a collection of aphorisms summarizing the teaching of 28 prophets from Adam to Muḥammad, followed by a brief excerpt from ʻAbd al-Ghanī ibn Ismāʻīl al-Nābulusī’s (d.1731) commentary on the same, entitled Jawāhir al-nuṣūṣ fī ḥall kalimāt al-Fuṣūṣ.</subfield></datafield><datafield tag="538" ind1=" " ind2=" "><subfield code="a">Mode of access: Internet.</subfield></datafield><datafield tag="541" ind1=" " ind2=" "><subfield code="a">Acquired in the Fall of 1950.</subfield></datafield><datafield tag="546" ind1=" " ind2=" "><subfield code="a">Arabic.</subfield></datafield><datafield tag="561" ind1=" " ind2=" "><subfield code="a">On upper pastedown label with ex libris of James Heyworth-Dunne (d.1974), stamped with inventory number, "Ex Libris | J. Heyworth-Dunne | D. Lit. (London) | No 7950" ; UM Library inscription on p.3 "Dunning | Heyworth-Dunne | 6-13-51 | 71955" ; possible former inventory mark on verso of final leaf "231/53" ; marginal glosses in the hand of the copyist.</subfield></datafield><datafield tag="600" ind1="0" ind2="0"><subfield code="a">Ibn al-ʻArabī,</subfield><subfield code="d">1165-1240.</subfield><subfield code="t">Fuṣūṣ al-ḥikam.</subfield></datafield><datafield tag="650" ind1=" " ind2="0"><subfield code="a">Manuscripts, Arabic</subfield><subfield code="z">Michigan</subfield><subfield code="z">Ann Arbor.</subfield></datafield><datafield tag="650" ind1=" " ind2="0"><subfield code="a">Islamic philosophy</subfield><subfield code="v">Early works to 1800.</subfield></datafield><datafield tag="650" ind1=" " ind2="0"><subfield code="a">Sufism</subfield><subfield code="x">Doctrines</subfield><subfield code="v">Early works to 1800.</subfield></datafield><datafield tag="700" ind1="1" ind2=" "><subfield code="a">Heyworth-Dunne, J.</subfield><subfield code="q">(James),</subfield><subfield code="e">former owner.</subfield></datafield><datafield tag="700" ind1="1" ind2="2"><subfield code="6">880-07</subfield><subfield code="a">Nābulusī, ʻAbd al-Ghanī ibn Ismāʻīl,</subfield><subfield code="d">1641-1731.</subfield><subfield code="t">Jawāhir al-nuṣūṣ fī ḥall kalimāt al-Fuṣūṣ.</subfield><subfield code="k">Selections.</subfield></datafield><datafield tag="773" ind1="0" ind2=" "><subfield code="a">Heyworth-Dunne Collection.</subfield></datafield><datafield tag="880" ind1="1" ind2="2"><subfield code="6">700-07/</subfield><subfield code="a">نابلسي، عبد الغني بن اسماعيل.</subfield><subfield code="t">جواهر النصوص في حل كلمات الفصوص.</subfield><subfield code="k">مختارات.</subfield></datafield><datafield tag="880" ind1="1" ind2="0"><subfield code="6">245-03/</subfield><subfield code="a">[شرح الشيخ بالي افندي على فصوص الحكم,</subfield><subfield code="f">193-م؟].</subfield></datafield><datafield tag="880" ind1="1" ind2=" "><subfield code="6">100-01/</subfield><subfield code="a">بالى, مصطفى بن سليمان.</subfield></datafield><datafield tag="CID" ind1=" " ind2=" "><subfield code="a">006819153</subfield></datafield><datafield tag="DAT" ind1="0" ind2=" "><subfield code="a">20190719102639.0</subfield><subfield code="b">20190719000000.0</subfield></datafield><datafield tag="DAT" ind1="1" ind2=" "><subfield code="a">20190719090653.0</subfield><subfield code="b">2019-07-19T16:12:10Z</subfield></datafield><datafield tag="DAT" ind1="2" ind2=" "><subfield code="a">2015-10-02T18:00:03Z</subfield></datafield><datafield tag="CAT" ind1=" " ind2=" "><subfield code="a">SDR-MIU</subfield><subfield code="d">EX LIBRIS - ALEPH</subfield><subfield code="l">prepare.pl-004-008</subfield></datafield><datafield tag="FMT" ind1=" " ind2=" "><subfield code="a">BK</subfield></datafield><datafield tag="HOL" ind1=" " ind2=" "><subfield code="0">sdr-miu006819153</subfield><subfield code="a">MiU</subfield><subfield code="b">SDR</subfield><subfield code="c">MIU</subfield><subfield code="p">mdp.39015079130293</subfield><subfield code="s">MIU</subfield><subfield code="1">006819153</subfield></datafield><datafield tag="974" ind1=" " ind2=" "><subfield code="b">MIU</subfield><subfield code="c">MIU</subfield><subfield code="d">20190719</subfield><subfield code="s">lit-dlps-dc</subfield><subfield code="u">mdp.39015079130293</subfield><subfield code="y">1939</subfield><subfield code="r">ic-world</subfield><subfield code="q">man</subfield></datafield></record></collection>